%Пример электронного ресурса
@article{docker,
  title={{Docker Documentation [{\cyr Электронный ресурс}]}},
  journal={Get Started. URL: https://docs.docker.com/get-started/},
  year={{\cyr (дата обращения: 13.05.2025)}}
}

%Пример статьи/книги
@article{bagina2016daemons,
  title={About Daemons},
  author={Bagina, Elena},
  journal={{\cyr проект байкал}},
  number={47-48},
  pages={156--159},
  year={2016}
}

@article{dubois2011taxonomy,
  title={A taxonomy of daemons in self-stabilization},
  author={Dubois, Swan and Tixeuil, S{\'e}bastien},
  journal={arXiv preprint arXiv:1110.0334},
  year={2011}
}
