@article{docker_compose,
  title={{Docker Compose Documentation [{\cyr Электронный ресурс}]}},
  journal={Docker Compose. URL: https://docs.docker.com/compose/},
  year={{\cyr (дата обращения: 13.05.2025)}}
}
@article{docker,
  title={{Docker Documentation [{\cyr Электронный ресурс}]}},
  journal={Get Started. URL: https://docs.docker.com/get-started/},
  year={{\cyr (дата обращения: 13.05.2025)}}
}
@article{docker_swarm,
  title={{Docker Swarm Documentation [{\cyr Электронный ресурс}]}},
  journal={Docker Swarm. URL: https://docs.docker.com/reference/cli/docker/swarm/},
  year={{\cyr (дата обращения: 13.05.2025)}}
}
@article{file_beat,
  title={{Elastic Documentation [{\cyr Электронный ресурс}]}},
  journal={Filebeat. URL: https://www.elastic.co/docs/reference/beats/filebeat},
  year={{\cyr (дата обращения: 13.05.2025)}}
}
@article{kibana,
  title={{Elastic Documentation [{\cyr Электронный ресурс}]}},
  journal={Kibana Guide. URL: https://www.elastic.co/guide/en/kibana/8.18/index.html},
  year={{\cyr (дата обращения: 13.05.2025)}}
}
@article{elasticSearch,
  title={{ElasticSearch Documentation [{\cyr Электронный ресурс}]}},
  journal={Get started. URL: https://www.elastic.co/docs/get-started},
  year={{\cyr (дата обращения: 13.05.2025)}}
}
@article{fast_api,
  title={{FastAPI Documentation [{\cyr Электронный ресурс}]}},
  journal={Learn. URL: https://fastapi.tiangolo.com/learn/},
  year={{\cyr (дата обращения: 13.05.2025)}}
}
@article{dotnet,
  title={{Microsoft .NET Documentation [{\cyr Электронный ресурс}]}},
  journal={.NET documentation. URL: https://learn.microsoft.com/en-us/dotnet/},
  year={{\cyr (дата обращения: 13.05.2025)}}
}
@article{asp,
  title={{Microsoft ASP.NET Documentation [{\cyr Электронный ресурс}]}},
  journal={ASP.NET documentation. URL: https://learn.microsoft.com/en-us/aspnet/core/},
  year={{\cyr (дата обращения: 13.05.2025)}}
}
@article{c_docs,
  title={{Microsoft C\# Documentation [{\cyr Электронный ресурс}]}},
  journal={C\# Docs. URL: https://learn.microsoft.com/en-us/dotnet/csharp/tour-of-csharp/},
  year={{\cyr (дата обращения: 13.05.2025)}}
}
@article{mongodb,
  title={{MongoDB Documentation [{\cyr Электронный ресурс}]}},
  journal={Frameworks and Integrations. URL: https://www.mongodb.com/docs/languages/csharp/},
  year={{\cyr (дата обращения: 13.05.2025)}}
}
@article{python_docs,
  title={{Python 3.13.3 Documentation [{\cyr Электронный ресурс}]}},
  journal={Documentation. URL: https://docs.python.org/3/},
  year={{\cyr (дата обращения: 13.05.2025)}}
}
@article{rabbitmqdocs,
  title={{RabbitMQ Official Documentation [{\cyr Электронный ресурс}]}},
  journal={Tutorials. URL: https://www.rabbitmq.com/docs},
  year={{\cyr (дата обращения: 13.05.2025)}}
}
@article{rest,
  title={{Yandex Cloud Rest API [{\cyr Электронный ресурс}]}},
  journal={{\cyr REST API: для чего нужен и как работает}. URL: https://yandex.cloud/ru/docs/glossary/rest-api},
  year={{\cyr (дата обращения: 13.05.2025)}}
}